@article{Olmo:2022ops,
    author = "Olmo, Gonzalo J. and Orazi, Emanuele and Pradisi, Gianfranco",
    title = "{Conformal metric-affine gravities}",
    eprint = "2207.12597",
    archivePrefix = "arXiv",
    primaryClass = "hep-th",
    doi = "10.1088/1475-7516/2022/10/057",
    journal = "JCAP",
    volume = "10",
    pages = "057",
    year = "2022"
}

@article{Afonso:2021aho,
    author = "Afonso, Victor I. and Bejarano, Cecilia and Ferraro, Rafael and Olmo, Gonzalo J.",
    title = "{Determinantal Born-Infeld coupling of gravity and electromagnetism}",
    eprint = "2112.09978",
    archivePrefix = "arXiv",
    primaryClass = "gr-qc",
    doi = "10.1103/PhysRevD.105.084067",
    journal = "Phys. Rev. D",
    volume = "105",
    number = "8",
    pages = "084067",
    year = "2022"
}

@article{Guerrero_2020,
doi = {10.1088/1475-7516/2020/07/058},
url = {https://dx.doi.org/10.1088/1475-7516/2020/07/058},
year = {2020},
month = {jul},
publisher = {},
volume = {2020},
number = {07},
pages = {058},
author = {Merce Guerrero and Gerardo Mora-Pérez and Gonzalo J. Olmo and Emanuele Orazi and Diego Rubiera-Garcia},
title = {Rotating black holes in Eddington-inspired Born-Infeld gravity: an exact solution},
journal = {Journal of Cosmology and Astroparticle Physics},
abstract = {We find an exact, rotating charged black hole solution within Eddington-inspired Born-Infeld gravity. To this end we employ a recently developed correspondence or mapping between modified gravity models built as scalars out of contractions of the metric with the Ricci tensor, and formulated in metric-affine spaces (Ricci-Based Gravity theories) and General Relativity. This way, starting from the Kerr-Newman solution, we show that this mapping bring us the axisymmetric solutions of  Eddington-inspired Born-Infeld gravity coupled to a certain model of non-linear electrodynamics. We discuss the most relevant physical features of the solutions obtained this way, both in the spherically symmetric limit and in the fully rotating regime. Moreover, we further elaborate on the potential impact of this important technical progress for bringing closer the predictions of modified gravity with the astrophysical observations of compact objects and gravitational wave astronomy.}
}

@article{Vollick:2003qp,
    author = "Vollick, Dan N.",
    title = "{Palatini approach to Born-Infeld-Einstein theory and a geometric description of electrodynamics}",
    eprint = "gr-qc/0309101",
    archivePrefix = "arXiv",
    doi = "10.1103/PhysRevD.69.064030",
    journal = "Phys. Rev. D",
    volume = "69",
    pages = "064030",
    year = "2004"
}

@article{Banados:2010ix,
    author = "Ba\~nados, Maximo and Ferreira, Pedro G.",
    title = "{Eddington's theory of gravity and its progeny}",
    eprint = "1006.1769",
    archivePrefix = "arXiv",
    primaryClass = "astro-ph.CO",
    doi = "10.1103/PhysRevLett.105.011101",
    journal = "Phys. Rev. Lett.",
    volume = "105",
    pages = "011101",
    year = "2010",
    note = "[Erratum: Phys.Rev.Lett. 113, 119901 (2014)]"
}


@article{BELTRANJIMENEZ20181,
title = {Born–Infeld inspired modifications of gravity},
journal = {Physics Reports},
volume = {727},
pages = {1-129},
year = {2018},
note = {Born–Infeld inspired modifications of gravity},
issn = {0370-1573},
doi = {https://doi.org/10.1016/j.physrep.2017.11.001},
url = {https://www.sciencedirect.com/science/article/pii/S0370157317303484},
author = {Jose {Beltrán Jiménez} and Lavinia Heisenberg and Gonzalo J. Olmo and Diego Rubiera-Garcia},
keywords = {Born–Infeld gravity, Astrophysics, Black holes, Cosmology, Early universe, Compact objects, Singularities},
abstract = {General Relativity has shown an outstanding observational success in the scales where it has been directly tested. However, modifications have been intensively explored in the regimes where it seems either incomplete or signals its own limit of validity. In particular, the breakdown of unitarity near the Planck scale strongly suggests that General Relativity needs to be modified at high energies and quantum gravity effects are expected to be important. This is related to the existence of spacetime singularities when the solutions of General Relativity are extrapolated to regimes where curvatures are large. In this sense, Born–Infeld inspired modifications of gravity have shown an extraordinary ability to regularise the gravitational dynamics, leading to non-singular cosmologies and regular black hole spacetimes in a very robust manner and without resorting to quantum gravity effects. This has boosted the interest in these theories in applications to stellar structure, compact objects, inflationary scenarios, cosmological singularities, and black hole and wormhole physics, among others. We review the motivations, various formulations, and main results achieved within these theories, including their observational viability, and provide an overview of current open problems and future research opportunities.}
}

@article{Jim_nez_2021,
   title={Born-Infeld gravity: Constraints from light-by-light scattering and an effective field theory perspective},
   volume={820},
   ISSN={0370-2693},
   url={http://dx.doi.org/10.1016/j.physletb.2021.136479},
   DOI={10.1016/j.physletb.2021.136479},
   journal={Physics Letters B},
   publisher={Elsevier BV},
   author={Jiménez, Jose Beltrán and Delhom, Adrià and Olmo, Gonzalo J. and Orazi, Emanuele},
   year={2021},
   month=sep, pages={136479} }

@article{BI_Gravity,
	abstract = {THE new field equations proposed recently1 can be derived from either of two principles, the first being a rather obvious physical statement, the other an equally obvious mathematical postulate.},
	author = {Born, M. and Infeld, L.},
	date = {1933/12/01},
	date-added = {2024-02-15 11:25:02 +0100},
	date-modified = {2024-02-15 11:25:02 +0100},
	doi = {10.1038/1321004b0},
	id = {BORN1933},
	isbn = {1476-4687},
	journal = {Nature},
	number = {3348},
	pages = {1004--1004},
	title = {Foundations of the New Field Theory},
	url = {https://doi.org/10.1038/1321004b0},
	volume = {132},
	year = {1933},
	bdsk-url-1 = {https://doi.org/10.1038/1321004b0}}


@article{Deser_1998,
   title={Born - Infeld - Einstein actions?},
   volume={15},
   ISSN={1361-6382},
   url={http://dx.doi.org/10.1088/0264-9381/15/5/001},
   DOI={10.1088/0264-9381/15/5/001},
   number={5},
   journal={Classical and Quantum Gravity},
   publisher={IOP Publishing},
   author={Deser, S. and Gibbons, G. W.},
   year={1998},
   month=may, pages={L35–L39} }

@article{Azri_2015,
   title={Eddington’s gravity in immersed spacetime},
   volume={32},
   ISSN={1361-6382},
   url={http://dx.doi.org/10.1088/0264-9381/32/6/065009},
   DOI={10.1088/0264-9381/32/6/065009},
   number={6},
   journal={Classical and Quantum Gravity},
   publisher={IOP Publishing},
   author={Azri, Hemza},
   year={2015},
   month=feb, pages={065009} }

@article{Filippov_2010,
   title={Weyl-Eddington-Einstein affine gravity in the context of modern cosmology},
   volume={163},
   ISSN={1573-9333},
   url={http://dx.doi.org/10.1007/s11232-010-0059-6},
   DOI={10.1007/s11232-010-0059-6},
   number={3},
   journal={Theoretical and Mathematical Physics},
   publisher={Springer Science and Business Media LLC},
   author={Filippov, A. T.},
   year={2010},
   month=jun, pages={753–767} }

@article{POP_AWSKI_2008,
   title={THE MAXWELL LAGRANGIAN IN PURELY AFFINE GRAVITY},
   volume={23},
   ISSN={1793-656X},
   url={http://dx.doi.org/10.1142/S0217751X08039578},
   DOI={10.1142/s0217751x08039578},
   number={03n04},
   journal={International Journal of Modern Physics A},
   publisher={World Scientific Pub Co Pte Lt},
   author={Poplawski, Nikodem J.},
   year={2008},
   month=feb, pages={567–579} }

@article{Pop_awski_2009,
   title={Gravitation, Electromagnetism and Cosmological Constant in Purely Affine Gravity},
   volume={39},
   ISSN={1572-9516},
   url={http://dx.doi.org/10.1007/s10701-009-9284-y},
   DOI={10.1007/s10701-009-9284-y},
   number={3},
   journal={Foundations of Physics},
   publisher={Springer Science and Business Media LLC},
   author={Popławski, Nikodem J.},
   year={2009},
   month=feb, pages={307–330} }

@article{Knorr_2021,
   title={Scattering amplitudes in affine gravity},
   volume={103},
   ISSN={2470-0029},
   url={http://dx.doi.org/10.1103/PhysRevD.103.105019},
   DOI={10.1103/physrevd.103.105019},
   number={10},
   journal={Physical Review D},
   publisher={American Physical Society (APS)},
   author={Knorr, Benjamin and Ripken, Chris},
   year={2021},
   month=may }

@book{eisenhart1972non,
  title={Non-Riemannian Geometry},
  author={Eisenhart, L.~P..},
  isbn={9780821810088},
  lccn={28028413},
  series={American Mathematical Society},
  url={https://books.google.es/books?id=FsmQCgAAQBAJ},
  year={1972},
  publisher={American Mathematical Society}
}

@book{schrodinger1985space,
  title={Space-Time Structure},
  author={Schr{\"o}dinger, E.},
  isbn={9780521315203},
  lccn={lc85005695},
  series={Cambridge Science Classics},
  url={https://books.google.es/books?id=XDDeVD_QZfcC},
  year={1985},
  publisher={Cambridge University Press}
}

@article{10.1093/mnras/stz2757,
    author = {Le Delliou, M. and Marcondes, R. J. F. and Lima Neto, G. B.},
    title = "{New observational constraints on interacting dark energy using galaxy clusters virial equilibrium states}",
    journal = {Monthly Notices of the Royal Astronomical Society},
    volume = {490},
    number = {2},
    pages = {1944-1952},
    year = {2019},
    month = {10},
    abstract = "{The nature of the dark sector components of the Universe still remains one of the largest unknown. Among many possibilities, it has been speculated that dark matter and dark energy may be more tightly coupled than usually thought, one component interacting with the other. Here, we continue to explore the possible dark sector interaction through means of the Layzer–Irvine equation together with a model of an interacting dark sector applied to clusters of galaxies. We have selected galaxy clusters that have their mass profiles determined by gravitational lensing effect (optical observations) and have their intracluster gas temperatures measured from X-ray observations and spectral fit found in the literature. Using a simple model based on semi-analytical simulations, we derived a putative dynamical evolution of the clusters and used it to estimate the coupling parameter of the dark sector interaction. Through a Bayesian analysis, we obtain a 3σ detection of the interaction strength for 11 clusters at −0.027 ± 0.009 that translates in a compounded Universal equilibrium virial ratio, U/T, of \\$-0.61^\\{+0.04\\}\_\\{-0.03\\}\\$. We note that the X-ray temperature determination is sometimes inconsistent, depending on the instrument and/or methodology used. The level of detection and these inconsistencies call for caution. We expect that future observations will give us a clearer indication of an eventual dark sector interaction.}",
    issn = {0035-8711},
    doi = {10.1093/mnras/stz2757},
    url = {https://doi.org/10.1093/mnras/stz2757},
    eprint = {https://academic.oup.com/mnras/article-pdf/490/2/1944/30194847/stz2757.pdf},
}

@article{Hehl:1994ue,
    author = "Hehl, Friedrich W. and McCrea, J. Dermott and Mielke, Eckehard W. and Ne'eman, Yuval",
    title = "{Metric affine gauge theory of gravity: Field equations, Noether identities, world spinors, and breaking of dilation invariance}",
    eprint = "gr-qc/9402012",
    archivePrefix = "arXiv",
    reportNumber = "TAUP-N192-94, TAUP-192-94",
    doi = "10.1016/0370-1573(94)00111-F",
    journal = "Phys. Rept.",
    volume = "258",
    pages = "1--171",
    year = "1995"
}

@article{NASERI2021100888,
title = {Super interacting dark sector: An improvement on self-interacting dark matter via scaling relations of galaxy clusters},
journal = {Physics of the Dark Universe},
volume = {34},
pages = {100888},
year = {2021},
issn = {2212-6864},
doi = {https://doi.org/10.1016/j.dark.2021.100888},
url = {https://www.sciencedirect.com/science/article/pii/S2212686421001187},
author = {Mahdi Naseri and Javad T. Firouzjaee},
keywords = {Self-interacting dark matter, Scaling relation, Interacting dark energy, Mass–temperature relation},
abstract = {Self-interacting dark matter is known as one of the most appropriate candidates for dark matter. Due to its excellent success in removing many astrophysical problems, particularly in small scale structure, studying this model has taken on added significance. In this paper, we focus on the results of two previously performed simulations of cluster sized halos with self-interacting dark matter and introduce a new function for the density profile of galaxy clusters, which can perfectly describe the result of these simulations. This density profile helps to find a velocity dispersion profile and also a relation between cluster mass and concentration parameter. Using these relations, we investigate two scaling relations of galaxy clusters, namely mass–velocity dispersion and mass–temperature relations. The scaling relations reveal that in the self-interacting dark matter model, halos are more massive than what the standard non-interacting model predicts for any fixed temperature. We also study the mass–temperature relation for a hybrid interacting model, which is a combination of self-interacting dark matter idea with another model of the dark sector in which dark matter particle mass is determined according to its interaction with dark energy. This super interacting dark sector (SIDS) model can change the mass–temperature relation to a modified form that has the same result as a non-interacting model. Finally, we provide quantitative expressions which can describe the constants of this interacting model with the value of cross-section per unit mass of dark matter particles.}
}

@book{fulling_1989, place={Cambridge}, series={London Mathematical Society Student Texts}, title={Aspects of Quantum Field Theory in Curved Spacetime}, DOI={10.1017/CBO9781139172073}, publisher={Cambridge University Press}, author={Fulling, Stephen A.}, year={1989}, collection={London Mathematical Society Student Texts}}

@book{parker_toms_2009, place={Cambridge}, series={Cambridge Monographs on Mathematical Physics}, title={Quantum Field Theory in Curved Spacetime: Quantized Fields and Gravity}, DOI={10.1017/CBO9780511813924}, publisher={Cambridge University Press}, author={Parker, Leonard and Toms, David}, year={2009}, collection={Cambridge Monographs on Mathematical Physics}}

@book{mukhanov_winitzki_2007, place={Cambridge}, title={Introduction to Quantum Effects in Gravity}, DOI={10.1017/CBO9780511809149}, publisher={Cambridge University Press}, author={Mukhanov, Viatcheslav and Winitzki, Sergei}, year={2007}}

@book{birrell1984quantum,
  title={Quantum Fields in Curved Space},
  author={Birrell, N.D. and Davies, P.C.W.},
  isbn={9780521278584},
  lccn={86707777},
  series={Cambridge Monographs on Mathematical Physics},
  url={https://books.google.es/books?id=SEnaUnrqzrUC},
  year={1984},
  publisher={Cambridge University Press}
}

@book{Weinberg:2008zzc,
    author = "Weinberg, Steven",
    title = "{Cosmology}",
    publisher = "Cambridge University Press"
    isbn = "978-0-19-852682-7",
    year = "2008"
}

@misc{saridakis2023modified,
      title={Modified Gravity and Cosmology: An Update by the {CANTATA} Network}, 
      author={Emmanuel N. Saridakis and others},
      year={2023},
      eprint={2105.12582},
      archivePrefix={arXiv},
      primaryClass={gr-qc}
}

@article{Klein,
	abstract = {Auf den folgenden Seiten m{\"o}chte ich auf einen einfachen Zusammenhang hinweisen zwischen der von Kaluza vorgeschlagenen Theorie f{\"u}r den Zusammenhang zwischen Elektromagnetismus und Gravitation einerseits und der von de Broglie und Schr{\"o}dinger angegebenen Methode zur Behandlung der Quantenprobleme andererseits. Die Theorie von Kaluza geht darauf hinaus, die zehn Einsteinschen Gravitationspotentiale gik und die vier elektromagnetischen Potentiale ϕi in Zusammenhang zu bringen mit den Koeffizienten γik eines Linienelementes von einem Riemannschen Raum, der au{\ss}er den vier gew{\"o}hnlichen Dimensionen noch eine f{\"u}nfte Dimension enth{\"a}lt. Die Bewegungsgleichungen der elektrischen Teilchen nehmen hierbei auch in elektromagnetischen Feldern die Gestalt von Gleichungen geod{\"a}tischer Linien an. Wenn dieselben als Strahlengleichungen gedeutet werden, indem die Materie als eine Art Wellenausbreitung betrachtet wird, kommt man fast von selbst zu einer partiellen Differentialgleichung zweiter Ordnung, die als eine Verallgemeinerung der gew{\"o}hnlichen Wellengleichung angesehen werden kann. Werden nun solche L{\"o}sungen dieser Gleichung betrachtet, bei denen die f{\"u}nfte Dimension rein harmonisch auftritt mit einer bestimmten mit der Planckschen Konstante zusammenh{\"a}ngenden Periode, so kommt man eben zu den obenerw{\"a}hnten quantentheoretischen Methoden.},
	author = {Klein, Oskar},
	date = {1926/12/01},
	date-added = {2023-12-19 10:24:21 +0100},
	date-modified = {2023-12-19 10:24:21 +0100},
	doi = {10.1007/BF01397481},
	id = {Klein1926},
	isbn = {0044-3328},
	journal = {Zeitschrift f{\"u}r Physik},
	number = {12},
	pages = {895--906},
	title = {Quantentheorie und f{\"u}nfdimensionale Relativit{\"a}tstheorie},
	url = {https://doi.org/10.1007/BF01397481},
	volume = {37},
	year = {1926},
	bdsk-url-1 = {https://doi.org/10.1007/BF01397481}
}


@misc{castillofelisola2023inflationary,
      title={Inflationary scenarios in an effective polynomial affine model of gravity}, 
      author={Oscar Castillo-Felisola and Bastian Grez and Jose and Aureliano Skirzewski},
      year={2023},
      eprint={2312.07312},
      archivePrefix={arXiv},
      primaryClass={gr-qc}
}

@incollection{Castillo-Felisola17,
author = {Oscar Castillo-Felisola},
title = {Beyond Einstein: A Polynomial Affine Model of Gravity},
booktitle = {Gravity},
publisher = {IntechOpen},
address = {Rijeka},
year = {2017},
editor = {Taher Zouaghi},
chapter = {9},
doi = {10.5772/intechopen.70951},
url = {https://doi.org/10.5772/intechopen.70951}
}

@article{Castillo-Felisola_2023,
doi = {10.1088/1361-6382/ad0356},
url = {https://dx.doi.org/10.1088/1361-6382/ad0356},
year = {2023},
month = {nov},
publisher = {IOP Publishing},
volume = {40},
number = {24},
pages = {249501},
author = {Oscar Castillo-Felisola and Bastian Grez and Oscar Orellana and José Perdiguero and Aureliano Skirzewski and Alfonso R. Zerwekh},
title = {Corrigendum: Emergent metric and geodesic analysis in cosmological solutions of (torsion-free) polynomial affine gravity (2020 Class. Quantum Grav.37 075013)},
journal = {Classical and Quantum Gravity},
abstract = {}
}

@book{will_2018, 
	place={Cambridge}, 
	edition={2}, 
	title={Theory and Experiment in Gravitational Physics}, 
	DOI={10.1017/9781316338612}, 
	publisher={Cambridge University Press}, 
	author={Will, Clifford M.}, 
	year={2018}
}

@article{Frie,
	author = {Friedman, A. },
	date = {1922/12/01},
	date-added = {2023-11-17 11:43:10 +0100},
	date-modified = {2023-11-17 11:43:10 +0100},
	doi = {10.1007/BF01332580},
	id = {Friedman1922},
	isbn = {0044-3328},
	journal = {Zeitschrift f{\"u}r Physik},
	number = {1},
	pages = {377--386},
	title = {Uber die Krummung des Raumes},
	url = {https://doi.org/10.1007/BF01332580},
	volume = {10},
	year = {1922},
	bdsk-url-1 = {https://doi.org/10.1007/BF01332580}
}


@ARTICLE{Robertson_3,
       author = {Robertson, H.~P.},
        title = "{Kinematics and World-Structure III.}",
      journal = {The Astrophysical Journal},
         year = 1936,
        month = may,
       volume = {83},
        pages = {257},
          doi = {10.1086/143726},
       adsurl = {https://ui.adsabs.harvard.edu/abs/1936ApJ....83..257R},
      adsnote = {Provided by the SAO/NASA Astrophysics Data System}
}


@ARTICLE{Robertson_2,
       author = {Robertson, H.~P.},
        title = "{Kinematics and World-Structure II.}",
      journal = {The Astrophysical Journal},
         year = 1936,
        month = apr,
       volume = {83},
        pages = {187},
          doi = {10.1086/143716},
       adsurl = {https://ui.adsabs.harvard.edu/abs/1936ApJ....83..187R},
      adsnote = {Provided by the SAO/NASA Astrophysics Data System}
}



@ARTICLE{Robertson_1,
       author = {Robertson, H.~P.},
        title = "{Kinematics and World-Structure I.}",
      journal = {The Astrophysical Journal},
         year = 1935,
        month = nov,
       volume = {82},
        pages = {284},
          doi = {10.1086/143681},
       adsurl = {https://ui.adsabs.harvard.edu/abs/1935ApJ....82..284R},
      adsnote = {Provided by the SAO/NASA Astrophysics Data System}
}



@ARTICLE{Lema_Expansion,
       author = {Lemaitre, Georges},
        title = "{L'Univers en expansion}",
      journal = {Annales de la Société Scientifique de Bruxelles},
         year = 1933,
        month = jan,
       volume = {53},
        pages = {51},
       adsurl = {https://ui.adsabs.harvard.edu/abs/1933ASSB...53...51L},
      adsnote = {Provided by the SAO/NASA Astrophysics Data System}
}


@ARTICLE{Lema,
       author = {{Lemaitre}, Georges},
        title = "{A homogeneous universe of constant mass and increasing radius accounting for the radial velocity of extra-galactic nebulae}",
      journal = {Monthly Notices of the Royal Astronomical Society},
         year = 1931,
        month = mar,
       volume = {91},
        pages = {483-490},
          doi = {10.1093/mnras/91.5.483},
       adsurl = {https://ui.adsabs.harvard.edu/abs/1931MNRAS..91..483L},
      adsnote = {Provided by the SAO/NASA Astrophysics Data System}
}


@ARTICLE{Friedmann,
       author = {{Friedmann}, A.},
        title = "{Uber die Moglichkeit einer Welt mit konstanter negativer Krummung des Raumes}",
      journal = {Zeitschrift fur Physik},
         year = 1924,
        month = dec,
       volume = {21},
       number = {1},
        pages = {326-332},
          doi = {10.1007/BF01328280},
       adsurl = {https://ui.adsabs.harvard.edu/abs/1924ZPhy...21..326F},
      adsnote = {Provided by the SAO/NASA Astrophysics Data System}
}


@ARTICLE{Einstein_GR_Bases,
       author = {{Einstein}, Albert},
        title = "{Zur allgemeinen Relativit{\"a}tstheorie}",
      journal = {Sitzungsberichte der K\"oniglich Preussischen Akademie der Wissenschaften},
         year = 1915,
        month = jan,
        pages = {778-786},
       adsurl = {https://ui.adsabs.harvard.edu/abs/1915SPAW.......778E},
      adsnote = {Provided by the SAO/NASA Astrophysics Data System}
}


@ARTICLE{Einstein_GR_Feqs,
       author = {{Einstein}, Albert},
        title = "{Die Feldgleichungen der Gravitation}",
      journal = {Sitzungsberichte der K\"oniglich Preussischen Akademie der Wissenschaften},
         year = 1915,
        month = jan,
        pages = {844-847},
       adsurl = {https://ui.adsabs.harvard.edu/abs/1915SPAW.......844E},
      adsnote = {Provided by the SAO/NASA Astrophysics Data System}
}


@ARTICLE{Einstein_GR,
       author = {{Einstein}, Albert},
        title = "{Die Grundlage der allgemeinen Relativit{\"a}tstheorie}",
      journal = {Annalen der Physik},
         year = 1916,
        month = jan,
       volume = {354},
       number = {7},
        pages = {769-822},
          doi = {10.1002/andp.19163540702},
       adsurl = {https://ui.adsabs.harvard.edu/abs/1916AnP...354..769E},
      adsnote = {Provided by the SAO/NASA Astrophysics Data System}
}

@ARTICLE{Einstein_Cosmological_Constant,
       author = {{Einstein}, Albert},
        title = "{Kosmologische Betrachtungen zur allgemeinen Relativit{\"a}tstheorie}",
      journal = {Sitzungsberichte der K\"oniglich Preussischen Akademie der Wissenschaften},
         year = 1917,
        month = jan,
        pages = {142-152},
       adsurl = {https://ui.adsabs.harvard.edu/abs/1917SPAW.......142E},
      adsnote = {Provided by the SAO/NASA Astrophysics Data System}
}


@article{Will_2014,
   title={The Confrontation between General Relativity and Experiment},
   volume={17},
   ISSN={1433-8351},
   url={http://dx.doi.org/10.12942/lrr-2014-4},
   DOI={10.12942/lrr-2014-4},
   number={1},
   journal={Living Reviews in Relativity},
   publisher={Springer Science and Business Media LLC},
   author={Will, Clifford M.},
   year={2014},
   month=jun }
}

@article{Abbott_2017,
   title={Gravitational Waves and Gamma-Rays from a Binary Neutron Star Merger: {GW170817} and {GRB170817A}},
   volume={848},
   ISSN={2041-8213},
   url={http://dx.doi.org/10.3847/2041-8213/aa920c},
   DOI={10.3847/2041-8213/aa920c},
   number={2},
   journal={The Astrophysical Journal},
   publisher={American Astronomical Society},
   author={Abbott, B. P. and others},
   year={2017},
   month=oct, pages={L13} 
}
   
   
@article{Abbott_2016,
   title={{GW151226}: Observation of Gravitational Waves from a 22-Solar-Mass Binary Black Hole Coalescence},
   volume={116},
   ISSN={1079-7114},
   url={http://dx.doi.org/10.1103/PhysRevLett.116.241103},
   DOI={10.1103/physrevlett.116.241103},
   number={24},
   journal={Physical Review Letters},
   publisher={American Physical Society (APS)},
   author={Abbott, B. P. and others},
   year={2016},
   month=jun 
}


@article{PhysRevD.10.411,
  title = {Nonrenormalizability of the quantized Dirac-Einstein system},
  author = {Deser, S. and van Nieuwenhuizen, P.},
  journal = {Phys. Rev. D},
  volume = {10},
  issue = {2},
  pages = {411--420},
  numpages = {0},
  year = {1974},
  month = {Jul},
  publisher = {American Physical Society},
  doi = {10.1103/PhysRevD.10.411},
  url = {https://link.aps.org/doi/10.1103/PhysRevD.10.411}
}


@article{PhysRevD.10.401,
  title = {One-loop divergences of quantized Einstein-Maxwell fields},
  author = {Deser, S. and van Nieuwenhuizen, P.},
  journal = {Phys. Rev. D},
  volume = {10},
  issue = {2},
  pages = {401--410},
  numpages = {0},
  year = {1974},
  month = {Jul},
  publisher = {American Physical Society},
  doi = {10.1103/PhysRevD.10.401},
  url = {https://link.aps.org/doi/10.1103/PhysRevD.10.401}
}


@article{PhysRev.162.1195,
  title = {Quantum Theory of Gravity {II}. The Manifestly Covariant Theory},
  author = {DeWitt, Bryce S.},
  journal = {Phys. Rev.},
  volume = {162},
  issue = {5},
  pages = {1195--1239},
  numpages = {0},
  year = {1967},
  month = {Oct},
  publisher = {American Physical Society},
  doi = {10.1103/PhysRev.162.1195},
  url = {https://link.aps.org/doi/10.1103/PhysRev.162.1195}
}

@article{PhysRev.160.1113,
  title = {Quantum Theory of Gravity {I}. The Canonical Theory},
  author = {DeWitt, Bryce S.},
  journal = {Phys. Rev.},
  volume = {160},
  issue = {5},
  pages = {1113--1148},
  numpages = {0},
  year = {1967},
  month = {Aug},
  publisher = {American Physical Society},
  doi = {10.1103/PhysRev.160.1113},
  url = {https://link.aps.org/doi/10.1103/PhysRev.160.1113}
}

@article{Riess_1998,
   title={Observational Evidence from Supernovae for an Accelerating Universe and a Cosmological Constant},
   volume={116},
   ISSN={0004-6256},
   url={http://dx.doi.org/10.1086/300499},
   DOI={10.1086/300499},
   number={3},
   journal={The Astronomical Journal},
   publisher={American Astronomical Society},
   author={Riess, Adam G. and others.},
   year={1998},
   month=sep, pages={1009–1038} 
}

@article{Rotation_Curve_2,
author = {Sofue, Yoshiaki and Rubin, Vera},
title = {Rotation Curves of Spiral Galaxies},
journal = {Annual Review of Astronomy and Astrophysics},
volume = {39},
number = {1},
pages = {137-174},
year = {2001},
doi = {10.1146/annurev.astro.39.1.137},
URL = {https://doi.org/10.1146/annurev.astro.39.1.137},
eprint = {https://doi.org/10.1146/annurev.astro.39.1.137
}
}

@ARTICLE{Rotation_Curve,
       author = {{Rubin}, Vera C. and {Ford Jr.}, William K.},
        title = "{Rotation of the Andromeda Nebula from a Spectroscopic Survey of Emission Regions}",
      journal = {The Astrophysical Journal},
         year = 1970,
        month = feb,
       volume = {159},
        pages = {379},
          doi = {10.1086/150317},
       adsurl = {https://ui.adsabs.harvard.edu/abs/1970ApJ...159..379R},
      adsnote = {Provided by the SAO/NASA Astrophysics Data System}
}

@article{OLMO_2011,
   title={PALATINI APPROACH TO MODIFIED GRAVITY: f(R) THEORIES AND BEYOND},
   volume={20},
   ISSN={1793-6594},
   url={http://dx.doi.org/10.1142/S0218271811018925},
   DOI={10.1142/s0218271811018925},
   number={04},
   journal={International Journal of Modern Physics D},
   publisher={World Scientific Pub Co Pte Lt},
   author={Olmo., Gonzalo J.},
   year={2011},
   month=apr, pages={413–462} }

@article{SARDANASHVILY_2011,
   title={CLASSICAL GAUGE GRAVITATION THEORY},
   volume={08},
   ISSN={1793-6977},
   url={http://dx.doi.org/10.1142/S0219887811005993},
   DOI={10.1142/s0219887811005993},
   number={08},
   journal={International Journal of Geometric Methods in Modern Physics},
   publisher={World Scientific Pub Co Pte Lt},
   author={Sardanashvily, G.},
   year={2011},
   month=dec, pages={1869–1895} }
   
@article{Karahan_2012,
   title={Scalars, vectors and tensors from metric-affine gravity},
   volume={45},
   ISSN={1572-9532},
   url={http://dx.doi.org/10.1007/s10714-012-1473-x},
   DOI={10.1007/s10714-012-1473-x},
   number={2},
   journal={General Relativity and Gravitation},
   publisher={Springer Science and Business Media LLC},
   author={Karahan, Canan N. and Altaş, Aslı and Demir, Durmuş A.},
   year={2012},
   month=oct, pages={319–343} }


@article{Vitagliano_2011,
   title={The dynamics of metric-affine gravity},
   volume={326},
   ISSN={0003-4916},
   url={http://dx.doi.org/10.1016/j.aop.2011.02.008},
   DOI={10.1016/j.aop.2011.02.008},
   number={5},
   journal={Annals of Physics},
   publisher={Elsevier BV},
   author={Vitagliano, Vincenzo and Sotiriou, Thomas P. and Liberati, Stefano},
   year={2011},
   month=may, pages={1259–1273} }
   
@article{Baldazzi_2022,
   title={Metric-Affine Gravity as an effective field theory},
   volume={438},
   ISSN={0003-4916},
   url={http://dx.doi.org/10.1016/j.aop.2022.168757},
   DOI={10.1016/j.aop.2022.168757},
   journal={Annals of Physics},
   publisher={Elsevier BV},
   author={Baldazzi, A. and Melichev, O. and Percacci, R.},
   year={2022},
   month=mar, pages={168757} }


@article{Hehl_1995,
   title={Metric-affine gauge theory of gravity: field equations, Noether identities, world spinors, and breaking of dilation invariance},
   volume={258},
   ISSN={0370-1573},
   url={http://dx.doi.org/10.1016/0370-1573(94)00111-F},
   DOI={10.1016/0370-1573(94)00111-f},
   number={1–2},
   journal={Physics Reports},
   publisher={Elsevier BV},
   author={Hehl, Friedrich W. and McCrea, J. Dermott and Mielke, Eckehard W. and Ne’eman, Yuval},
   year={1995},
   month=jul, pages={1–171} }
   
@ARTICLE{1979ZhPmR..30..719S,
       author = {{Starobinskii}, A.~A.},
        title = "{Spectrum of relict gravitational radiation and the early state of the universe}",
      journal = {ZhETF Pisma Redaktsiiu},
     keywords = {Astronomical Models, Electromagnetic Spectra, Gravitational Waves, Relic Radiation, Universe, Gravitation Theory, Phenomenology, Quantum Theory, Radiation Measurement, Relativity, Astrophysics},
         year = 1979,
        month = dec,
       volume = {30},
        pages = {719-723},
       adsurl = {https://ui.adsabs.harvard.edu/abs/1979ZhPmR..30..719S},
      adsnote = {Provided by the SAO/NASA Astrophysics Data System}
}

@article{STAROBINSKY198099,
title = {A new type of isotropic cosmological models without singularity},
journal = {Physics Letters B},
volume = {91},
number = {1},
pages = {99-102},
year = {1980},
issn = {0370-2693},
doi = {https://doi.org/10.1016/0370-2693(80)90670-X},
url = {https://www.sciencedirect.com/science/article/pii/037026938090670X},
author = {A. A. Starobinsky},
abstract = {The Einstein equations with quantum one-loop contributions of conformally covariant matter fields are shown to admit a class of nonsingular isotropic homogeneous solutions that correspond to a picture of the Universe being initially in the most symmetric (de Sitter) state.}
}

@article{10.1093/mnras/150.1.1,
    author = {Buchdahl, H. A.},
    title = "{Non-Linear Lagrangians and Cosmological Theory}",
    journal = {Monthly Notices of the Royal Astronomical Society},
    volume = {150},
    number = {1},
    pages = {1-8},
    year = {1970},
    month = {09},
    abstract = "{ In relativistic cosmology the theory of uniform model universes is based on Einstein's equations, which derive from a variational principle the field-Lagrangian L of which is the scalar curvature R to within an arbitrary additive constant. In this work the possibility of taking L to be a more general invariant of the Riemann tensor is contemplated. The consequences of choosing L to be a function ϕ of R alone are tentatively examined under specialized circumstances, with particular attention to an open world-model oscillating between non-singular states. Difficulties revolving about the actual form which ϕ might take are discussed. }",
    issn = {0035-8711},
    doi = {10.1093/mnras/150.1.1},
    url = {https://doi.org/10.1093/mnras/150.1.1},
    eprint = {https://academic.oup.com/mnras/article-pdf/150/1/1/8075909/mnras150-0001.pdf},
}

@article{POP_AWSKI_2007,
   title={ON THE NONSYMMETRIC PURELY AFFINE GRAVITY},
   volume={22},
   ISSN={1793-6632},
   url={http://dx.doi.org/10.1142/S0217732307025662},
   DOI={10.1142/s0217732307025662},
   number={36},
   journal={Modern Physics Letters A},
   publisher={World Scientific Pub Co Pte Lt},
   author={Poplawski, Nikodem J.},
   year={2007},
   month=nov, pages={2701–2720} }
   
   
@misc{poplawski2007unified,
      title={A unified, purely affine theory of gravitation and electromagnetism}, 
      author={Nikodem J. Poplawski},
      year={2007},
      eprint={0705.0351},
      archivePrefix={arXiv},
      primaryClass={gr-qc}
}

@article{Krasnov_2011,
   title={Pure Connection Action Principle for General Relativity},
   volume={106},
   ISSN={1079-7114},
   url={http://dx.doi.org/10.1103/PhysRevLett.106.251103},
   DOI={10.1103/physrevlett.106.251103},
   number={25},
   journal={Physical Review Letters},
   publisher={American Physical Society (APS)},
   author={Krasnov, Kirill},
   year={2011},
   month=jun }
   
@book{Eddington1923-EDDTMT,
	address = {Cambridge [Eng.]},
	author = {Arthur Eddington},
	editor = {},
	publisher = {The University Press},
	title = {The Mathematical Theory of Relativity},
	year = {1923}
}

@article{Shankaranarayanan_2022,
   title={Modified theories of gravity: Why, how and what?},
   volume={54},
   ISSN={1572-9532},
   url={http://dx.doi.org/10.1007/s10714-022-02927-2},
   DOI={10.1007/s10714-022-02927-2},
   number={5},
   journal={General Relativity and Gravitation},
   publisher={Springer Science and Business Media LLC},
   author={Shankaranarayanan, S. and Johnson, Joseph P.},
   year={2022},
   month=may }
   
@article{Kaluza_Klein,
	abstract = {Auf den folgenden Seiten m{\"o}chte ich auf einen einfachen Zusammenhang hinweisen zwischen der von Kaluza vorgeschlagenen Theorie f{\"u}r den Zusammenhang zwischen Elektromagnetismus und Gravitation einerseits und der von de Broglie und Schr{\"o}dinger angegebenen Methode zur Behandlung der Quantenprobleme andererseits. Die Theorie von Kaluza geht darauf hinaus, die zehn Einsteinschen Gravitationspotentiale gik und die vier elektromagnetischen Potentiale ϕi in Zusammenhang zu bringen mit den Koeffizienten γik eines Linienelementes von einem Riemannschen Raum, der au{\ss}er den vier gew{\"o}hnlichen Dimensionen noch eine f{\"u}nfte Dimension enth{\"a}lt. Die Bewegungsgleichungen der elektrischen Teilchen nehmen hierbei auch in elektromagnetischen Feldern die Gestalt von Gleichungen geod{\"a}tischer Linien an. Wenn dieselben als Strahlengleichungen gedeutet werden, indem die Materie als eine Art Wellenausbreitung betrachtet wird, kommt man fast von selbst zu einer partiellen Differentialgleichung zweiter Ordnung, die als eine Verallgemeinerung der gew{\"o}hnlichen Wellengleichung angesehen werden kann. Werden nun solche L{\"o}sungen dieser Gleichung betrachtet, bei denen die f{\"u}nfte Dimension rein harmonisch auftritt mit einer bestimmten mit der Planckschen Konstante zusammenh{\"a}ngenden Periode, so kommt man eben zu den obenerw{\"a}hnten quantentheoretischen Methoden.},
	author = {Klein, Oskar},
	date = {1926/12/01},
	date-added = {2023-11-18 16:38:36 +0100},
	date-modified = {2023-11-18 16:38:36 +0100},
	doi = {10.1007/BF01397481},
	id = {Klein1926},
	isbn = {0044-3328},
	journal = {Zeitschrift f{\"u}r Physik},
	number = {12},
	pages = {895--906},
	title = {Quantentheorie und f{\"u}nfdimensionale Relativit{\"a}tstheorie},
	url = {https://doi.org/10.1007/BF01397481},
	volume = {37},
	year = {1926},
	bdsk-url-1 = {https://doi.org/10.1007/BF01397481}
}

@article{ASENS_1925_3_42__17_0,
     author = {Cartan, Elie},
     title = {Sur les vari\'et\'es \`a connexion affine, et la th\'eorie de la relativit\'e g\'en\'eralis\'ee (deuxi\`eme partie)},
     journal = {Annales scientifiques de l'\'Ecole Normale Sup\'erieure},
     pages = {17--88},
     publisher = {Elsevier},
     volume = {3e s{\'e}rie, 42},
     year = {1925},
     doi = {10.24033/asens.761},
     language = {fr},
     url = {http://www.numdam.org/articles/10.24033/asens.761/}
}

@article{ASENS_1924_3_41__1_0,
     author = {Cartan, Elie},
     title = {Sur les vari\'et\'es \`a connexion affine, et la th\'eorie de la relativit\'e g\'en\'eralis\'ee (premi\`ere partie) {(Suite)}},
     journal = {Annales scientifiques de l'\'Ecole Normale Sup\'erieure},
     pages = {1--25},
     publisher = {Elsevier},
     volume = {3e s{\'e}rie, 41},
     year = {1924},
     doi = {10.24033/asens.753},
     language = {fr},
     url = {http://www.numdam.org/articles/10.24033/asens.753/}
}

@article{castillofelisola2016polynomial,
    author = "Castillo-Felisola, O. and Skirzewski, A.",
    title = "{A polynomial model of purely affine gravity}",
    journal = "Rev. Mex. Fis.",
    volume = "61",
    number = "6",
    pages = "421",
    year = "2015"
}

@article{castillofelisola2016einsteins,
    author = "Castillo-Felisola, Oscar and Skirzewski, Aureliano",
    title = "{Einstein's gravity from a polynomial affine model}",
    eprint = "1505.04634",
    archivePrefix = "arXiv",
    primaryClass = "gr-qc",
    doi = "10.1088/1361-6382/aaa699",
    journal = "Class. Quant. Grav.",
    volume = "35",
    number = "5",
    pages = "055012",
    year = "2018"
}

@misc{castillofelisola2019cosmological,
      title={Cosmological solutions to polynomial affine gravity in the torsion-free sector}, 
      author={Oscar Castillo-Felisola and José Perdiguero and Oscar Orellana},
      year={2019},
      eprint={1808.05970},
      archivePrefix={arXiv},
      primaryClass={gr-qc}
}

@incollection{Castillo_Felisola_2018,
	doi = {10.5772/intechopen.70951},
	url = {https://doi.org/10.5772%2Fintechopen.70951},
	year = 2018,
	month = {feb},
	publisher = {{InTech}},
	author = {Oscar Castillo-Felisola},
    title = {Beyond {E}instein: A Polynomial Affine Model of Gravity},
	booktitle = {Gravity - Geoscience Applications, Industrial Technology and Quantum Aspect}
}

@article{Castillo_Felisola_2020,
	doi = {10.1088/1361-6382/ab58ef},
	url = {https://doi.org/10.1088%2F1361-6382%2Fab58ef},
	year = 2020,
	month = {mar},
	publisher = {{IOP} Publishing},
	volume = {37},
	number = {7},
	pages = {075013},
	author = {Oscar Castillo-Felisola and Jos{\'{e}} Perdiguero and Oscar Orellana and Alfonso R. Zerwekh},
    title = {Emergent metric and geodesic analysis in cosmological solutions of (torsion-free) polynomial affine gravity},
    journal = {Classical and Quantum Gravity}
}

@article{Castillo_Felisola_2022_EPJC,
	doi = {10.1140/epjc/s10052-021-09938-4},
	url = {https://doi.org/10.1140%2Fepjc%2Fs10052-021-09938-4},
	year = 2022,
	month = {jan},
	publisher = {Springer Science and Business Media {LLC}},
	volume = {82},
	number = {1},
    author = {Oscar Castillo-Felisola and Oscar Orellana and Jos{\'{e}} Perdiguero and Francisca Ram{\'{\i}}rez and Aureliano Skirzewski and Alfonso R. Zerwekh},
	title = {Aspects of the polynomial affine model of gravity in three dimensions},
	journal = {The European Physical Journal C}
}

@article{Castillo_Felisola_2022_Universe,
	doi = {10.3390/universe8020068},
	url = {https://doi.org/10.3390%2Funiverse8020068},
	year = 2022,
	month = {jan},
	publisher = {{MDPI} {AG}},
	volume = {8},
	number = {2},
	pages = {68},
	author = {Oscar Castillo-Felisola and Bastian Grez and Oscar Orellana and Jose Perdiguero and Francisca Ramirez and Aureliano Skirzewski and Alfonso R. Zerwekh},
	title = {Polynomial Affine Model of Gravity in Three-Dimensions},
	journal = {Universe}
}

@article{KJ_Formalism,
	abstract = {A new variational principle based on the affine connection in space-time is proposed. This leads to a new formulation of general relativity. The gravitational field is a field of inertial frames in space-time. The metricg appears as a momentum canonically conjugate to the gravitational field. In the case of simple matter fields, e.g., scalar fields, electromagnetic fields, Proca fields, or hydrodynamical matter, the new formulation is equivalent to the traditional one. A new formulation of conservation laws is proposed.},
	author = {Kijowski, Jerzy},
	date = {1978/10/01},
	date-added = {2023-11-06 16:36:16 -0300},
	date-modified = {2023-11-06 16:36:16 -0300},
	doi = {10.1007/BF00759646},
	id = {Kijowski1978},
	isbn = {1572-9532},
	journal = {General Relativity and Gravitation},
	number = {10},
	pages = {857--877},
	title = {On a new variational principle in general relativity and the energy of the gravitational field},
	url = {https://doi.org/10.1007/BF00759646},
	volume = {9},
	year = {1978},
	bdsk-url-1 = {https://doi.org/10.1007/BF00759646}
}


@article{Pop_awski_2013,
	doi = {10.1007/s10714-013-1625-7},
	url = {https://doi.org/10.1007%2Fs10714-013-1625-7},
	year = 2013,
	month = {dec},
	publisher = {Springer Science and Business Media {LLC}},
	volume = {46},
	number = {1},
	author = {Nikodem J. Pop{\l}awski},
	title = {Affine theory of gravitation}, 
	journal = {General Relativity and Gravitation}
}

@article{Gourgoulhon_2018,
	doi = {10.5802/ccirm.26},
	url = {https://doi.org/10.5802%2Fccirm.26},
	year = 2018,
	publisher = {Cellule {MathDoc}/{CEDRAM}},
	volume = {6},
	number = {1},
	pages = {1--54},
	author = {{\'{E}}ric Gourgoulhon and Marco Mancini},
	title = {Symbolic tensor calculus on manifolds: a {SageMath} implementation},
	journal = {Les cours du {CIRM}}
}

@article{Gourgoulhon_2015,
	doi = {10.1088/1742-6596/600/1/012002},
	url = {https://doi.org/10.1088%2F1742-6596%2F600%2F1%2F012002},
	year = 2015,
	month = {apr},
	publisher = {{IOP} Publishing},
	volume = {600},
	pages = {012002},
	author = {Eric Gourgoulhon and Michal Bejger and Marco Mancini},
	title = {Tensor calculus with open-source software: the {SageManifolds} project}, 
	journal = {Journal of Physics: Conference Series}
}

@manual{sagemath,
  Key          = {SageMath},
  Author       = {{The Sage Developers}},
  Title        = {{S}ageMath, the {S}age {M}athematics {S}oftware {S}ystem ({V}ersion 10.1)},
  note         = {{\tt https://www.sagemath.org}},
  Year         = {2023},
}

@article{Peeters_2007,
	doi = {10.1016/j.cpc.2007.01.003},
	url = {https://doi.org/10.1016%2Fj.cpc.2007.01.003},
	year = 2007,
	month = {apr},
	publisher = {Elsevier {BV}},
	volume = {176},
	number = {8},
	pages = {550--558},
	author = {Kasper Peeters},
	title = {Cadabra: a field-theory motivated symbolic computer algebra system}, 
	journal = {Computer Physics Communications}
}

@article{Peeters2018, doi = {10.21105/joss.01118}, 
url = {https://doi.org/10.21105/joss.01118}, 
year = {2018}, publisher = {The Open Journal}, 
volume = {3}, 
number = {32}, 
pages = {1118}, 
author = {Kasper Peeters}, 
title = {Cadabra2: computer algebra for field theory revisited}, 
journal = {Journal of Open Source Software} 
}

@misc{peeters2018introducing,
      title={Introducing Cadabra: a symbolic computer algebra system for field theory problems}, 
      author={Kasper Peeters},
      year={2018},
      eprint={hep-th/0701238},
      archivePrefix={arXiv},
      primaryClass={hep-th}
}
